@misc{sun2024docs2kg,
      title={Docs2KG: Unified Knowledge Graph Construction from Heterogeneous Documents Assisted by Large Language Models}, 
      author={Qiang Sun and Yuanyi Luo and Wenxiao Zhang and Sirui Li and Jichunyang Li and Kai Niu and Xiangrui Kong and Wei Liu},
      year={2024},
      eprint={2406.02962},
      archivePrefix={arXiv},
      primaryClass={cs.CL}
}

@misc{wang2019kgat,
  title         = {KGAT: Knowledge Graph Attention Network for Recommendation},
  author        = {Xiang Wang and Xiangnan He and Yixin Cao and Meng Liu and Tat-Seng Chua},
  howpublished  = {\url{https://arxiv.org/abs/1905.07854}},
  year          = {2019},
  eprint        = {1905.07854},
  archiveprefix = {arXiv},
  primaryclass  = {cs.LG}
}

@misc{hou2024bridging,
  title         = {Bridging Language and Items for Retrieval and Recommendation},
  author        = {Yupeng Hou and Jiacheng Li and Zhankui He and An Yan and Xiusi Chen and Julian McAuley},
  howpublished  = {\url{https://arxiv.org/abs/2403.03952}},
  year          = {2024},
  eprint        = {2403.03952},
  archiveprefix = {arXiv},
  primaryclass  = {cs.IR}
}

@misc{he2020lightgcn,
  title         = {LightGCN: Simplifying and Powering Graph Convolution Network for Recommendation},
  author        = {Xiangnan He and Kuan Deng and Xiang Wang and Yan Li and Yongdong Zhang and Meng Wang},
  howpublished  = {\url{https://arxiv.org/abs/2002.02126}},
  year          = {2020},
  eprint        = {2002.02126},
  archiveprefix = {arXiv},
  primaryclass  = {cs.IR}
}

@misc{yang2024common,
  title         = {Common Sense Enhanced Knowledge-based Recommendation with Large Language Model},
  author        = {Shenghao Yang and Weizhi Ma and Peijie Sun and Min Zhang and Qingyao Ai and Yiqun Liu and Mingchen Cai},
  howpublished  = {\url{https://arxiv.org/abs/2403.18325}},
  year          = {2024},
  eprint        = {2403.18325},
  archiveprefix = {arXiv},
  primaryclass  = {cs.IR}
}

@misc{guo2020survey,
  title         = {A Survey on Knowledge Graph-Based Recommender Systems},
  author        = {Qingyu Guo and Fuzhen Zhuang and Chuan Qin and Hengshu Zhu and Xing Xie and Hui Xiong and Qing He},
  howpublished  = {\url{https://arxiv.org/abs/2003.00911}},
  year          = {2020},
  eprint        = {2003.00911},
  archiveprefix = {arXiv},
  primaryclass  = {cs.IR}
}

@misc{pan2023unifying,
  title         = {Unifying Large Language Models and Knowledge Graphs: A Roadmap},
  author        = {Shirui Pan and Linhao Luo and Yufei Wang and Chen Chen and Jiapu Wang and Xindong Wu},
  howpublished  = {\url{https://arxiv.org/abs/2306.08302}},
  year          = {2023},
  eprint        = {2306.08302},
  archiveprefix = {arXiv},
  primaryclass  = {cs.CL}
}

@misc{liu2024knowledgeenhanced,
  title         = {Knowledge-Enhanced Recommendation with User-Centric Subgraph Network},
  author        = {Guangyi Liu and Quanming Yao and Yongqi Zhang and Lei Chen},
  howpublished  = {\url{https://arxiv.org/abs/2403.14377}},
  year          = {2024},
  eprint        = {2403.14377},
  archiveprefix = {arXiv},
  primaryclass  = {cs.IR}
}

@misc{pang2024knowledgeaware,
  title         = {Knowledge-aware Dual-side Attribute-enhanced Recommendation},
  author        = {Taotian Pang and Xingyu Lou and Fei Zhao and Zhen Wu and Kuiyao Dong and Qiuying Peng and Yue Qi and Xinyu Dai},
  howpublished  = {\url{https://arxiv.org/abs/2403.16037}},
  year          = {2024},
  eprint        = {2403.16037},
  archiveprefix = {arXiv},
  primaryclass  = {cs.IR}
}

@misc{kang2018selfattentivesequentialrecommendation,
      title={Self-Attentive Sequential Recommendation}, 
      author={Wang-Cheng Kang and Julian McAuley},
      year={2018},
      eprint={1808.09781},
      archivePrefix={arXiv},
      primaryClass={cs.IR},
      url={https://arxiv.org/abs/1808.09781}, 
}

@misc{zhang2021kget,
  title         = {KGET: Knowledge Graph Embedding Transformer},
  author        = {Yunpu Zhang and Shu Guo and Jiafeng Guo and Yixing Fan and Yanyan Lan and Xueqi Cheng},
  howpublished  = {\url{https://arxiv.org/abs/2106.03218}},
  year          = {2021},
  eprint        = {2106.03218},
  archiveprefix = {arXiv},
  primaryclass  = {cs.IR}
}

@misc{ji2022survey,
  title         = {A Survey on Knowledge Graphs: Representation, Acquisition, and Applications},
  author        = {Shaoxiong Ji and Shirui Pan and Erik Cambria and Pekka Marttinen and Philip S. Yu},
  year          = {2022},
  howpublished  = {IEEE Transactions on Neural Networks and Learning Systems, vol. 33, no. 2, pp. 494-514},
  doi           = {10.1109/TNNLS.2021.3070843}
}

@misc{xu2021text2kg,
  title         = {Text2KG: Generating Knowledge Graphs from Text via Tree Parsing},
  author        = {Yunpu Xu and Liang Chen and Yansong Feng and Dongyan Zhao},
  howpublished  = {\url{https://arxiv.org/abs/2106.01866}},
  year          = {2021},
  eprint        = {2106.01866},
  archiveprefix = {arXiv},
  primaryclass  = {cs.CL}
}

@misc{zhang2021kgbert,
  title         = {KG-BERT: BERT for Knowledge Graph Completion},
  author        = {Weijie Zhang and Xu Han and Zhiyuan Liu and Xin Jiang and Maosong Sun},
  howpublished  = {\url{https://arxiv.org/abs/2004.12092}},
  year          = {2021},
  eprint        = {2004.12092},
  archiveprefix = {arXiv},
  primaryclass  = {cs.CL}
}

@misc{ullah2021llm-kgc,
  title         = {LLM-KGC: Long Text Generation for Knowledge Graph Completion},
  author        = {Md. Rezaul Karim Ullah and Md. Saiful Islam and Md. Kamrul Hasan and Md. Saifur Rahman Chowdhury and Md. Shamsul Alam and Md. Monirul Islam and Md. Saiful Islam and Md. Saifur Rahman Chowdhury and Md. Shamsul Alam and Md. Monirul Islam},
  howpublished  = {\url{https://arxiv.org/abs/2106.01866}},
  year          = {2021},
  eprint        = {2106.01866},
  archiveprefix = {arXiv},
  primaryclass  = {cs.CL}
}

@misc{gao2023chatrec,
      title={Chat-REC: Towards Interactive and Explainable LLMs-Augmented Recommender System}, 
      author={Yunfan Gao and Tao Sheng and Youlin Xiang and Yun Xiong and Haofen Wang and Jiawei Zhang},
      year={2023},
      eprint={2303.14524},
      archivePrefix={arXiv}
}
