@misc{wang2019kgat,
  title         = {KGAT: Knowledge Graph Attention Network for Recommendation},
  author        = {Xiang Wang and Xiangnan He and Yixin Cao and Meng Liu and Tat-Seng Chua},
  howpublished  = {\url{https://arxiv.org/abs/1905.07854}},
  year          = {2019},
  eprint        = {1905.07854},
  archiveprefix = {arXiv},
  primaryclass  = {cs.LG}
}

@misc{he2020lightgcn,
  title         = {LightGCN: Simplifying and Powering Graph Convolution Network for Recommendation},
  author        = {Xiangnan He and Kuan Deng and Xiang Wang and Yan Li and Yongdong Zhang and Meng Wang},
  howpublished  = {\url{https://arxiv.org/abs/2002.02126}},
  year          = {2020},
  eprint        = {2002.02126},
  archiveprefix = {arXiv},
  primaryclass  = {cs.IR}
}

@misc{yang2024common,
  title         = {Common Sense Enhanced Knowledge-based Recommendation with Large Language Model},
  author        = {Shenghao Yang and Weizhi Ma and Peijie Sun and Min Zhang and Qingyao Ai and Yiqun Liu and Mingchen Cai},
  howpublished  = {\url{https://arxiv.org/abs/2403.18325}},
  year          = {2024},
  eprint        = {2403.18325},
  archiveprefix = {arXiv},
  primaryclass  = {cs.IR}
}

@misc{guo2020survey,
  title         = {A Survey on Knowledge Graph-Based Recommender Systems},
  author        = {Qingyu Guo and Fuzhen Zhuang and Chuan Qin and Hengshu Zhu and Xing Xie and Hui Xiong and Qing He},
  howpublished  = {\url{https://arxiv.org/abs/2003.00911}},
  year          = {2020},
  eprint        = {2003.00911},
  archiveprefix = {arXiv},
  primaryclass  = {cs.IR}
}

@misc{pan2023unifying,
  title         = {Unifying Large Language Models and Knowledge Graphs: A Roadmap},
  author        = {Shirui Pan and Linhao Luo and Yufei Wang and Chen Chen and Jiapu Wang and Xindong Wu},
  howpublished  = {\url{https://arxiv.org/abs/2306.08302}},
  year          = {2023},
  eprint        = {2306.08302},
  archiveprefix = {arXiv},
  primaryclass  = {cs.CL}
}

@misc{liu2024knowledgeenhanced,
  title         = {Knowledge-Enhanced Recommendation with User-Centric Subgraph Network},
  author        = {Guangyi Liu and Quanming Yao and Yongqi Zhang and Lei Chen},
  howpublished  = {\url{https://arxiv.org/abs/2403.14377}},
  year          = {2024},
  eprint        = {2403.14377},
  archiveprefix = {arXiv},
  primaryclass  = {cs.IR}
}

@misc{pang2024knowledgeaware,
  title         = {Knowledge-aware Dual-side Attribute-enhanced Recommendation},
  author        = {Taotian Pang and Xingyu Lou and Fei Zhao and Zhen Wu and Kuiyao Dong and Qiuying Peng and Yue Qi and Xinyu Dai},
  howpublished  = {\url{https://arxiv.org/abs/2403.16037}},
  year          = {2024},
  eprint        = {2403.16037},
  archiveprefix = {arXiv},
  primaryclass  = {cs.IR}
}
